@article{higham1994bibtex,
  title={Stochastic resonance},
  author={ Gammaitoni L},
  journal={Rev Mod Phys},
  volume={1},
  number={70},
  pages={223-287},
  year={1998}
}
@article{h1994bibtex,
  title={Mobile phone location determination and its impact on intelligent transportation systems},
  author={ Zhao Y},
  journal={ IEEE Transactions on intelligent transportation systems},
  volume={1},
  number={1},
  pages={55-64},
  year={2000}
}
