@article{Buensalido2016A,
  title={A Descriptive Study on The Safety and Efficacy of Mesenchymal Stem Cell Therapy For Parkinson's Disease: A Case Series},
  author={Buensalido, M. V. and Vera, M. J. De and Tiongson, J. A.},
  journal={Cytotherapy},
  volume={18},
  number={6},
  pages={S111-S111},
  year={2016},
}
@article{Zhang2014An,
  title={An Iterative Method for Classifying Stroke Subjects¡¯ Motor Imagery EEG Data in the BCI-FES Rehabilitation Training System},
  author={Zhang, Hao and Liang, Jianyi and Liu, Ye and Wang, Hang and Zhang, Liqing},
  volume={215},
  pages={363-373},
  year={2014},
}
@article{Li2018Flood,
  title={Flood Risk, Local Hazard Mitigation, and the Community Rating System of the National Flood Insurance Program},
  author={Li, Jingyuan and Landry, Craig E. and Economics, Land},
  journal={Land Economics},
  volume={94},
  number={2},
  pages={175-198},
  year={2018},
}
