@article{higham1994bibtex,
  title={Stochastic resonance},
  author={Gammaitoni L},
  journal={Rev Mod Phys},
  volume={70},
  number={1},
  pages={223-287},
  year={1998}
}
@article{higbibtex,
  title={A statistical model of mobile-to-mobile land communication channel},
  author={A.S.Akki},
  journal={IEEE Trans.Veh.Technol},
  volume={35},
  number={1},
  pages={2-7},
  year={1986}
}
@article{hibibtex,
  title={Mobile phone location determination and its impact on intelligent transportation systems},
  author={Zhao Y},
  journal={IEEE Transactions on intelligent transportation systems},
  volume={1},
  number={1},
  pages={55-64},
  year={2000}
}
