@article{higham1994bibtex,
  title={Stochastic resonance},
  author={Gammaitoni L},
  journal={Rev Mod Phys},
  volume={1},
  number={70},
  pages={223-287},
  year={1998}
